<?xml version="1.0" encoding="UTF-8"?><collection xmlns="http://www.loc.gov/MARC21/slim"><record><leader>00364nam--2200121-i-4500</leader><controlfield tag="001">000034657</controlfield><controlfield tag="002">20161230</controlfield><controlfield tag="005">20161230201040</controlfield><controlfield tag="008">060222s1000------------r-----000-0-eng-d</controlfield><datafield ind1=" " ind2=" " tag="080"><subfield code="a">691.12:624</subfield></datafield><datafield ind1=" " ind2=" " tag="245"><subfield code="a">Normativ privind folosirea placilor de stuf (stufit)  la lucrarile de constructii</subfield></datafield><datafield ind1=" " ind2=" " tag="260"><subfield code="a">Bucuresti, Ed.De Stat Pt.Arhit.Si Constr., 1954, 12p</subfield></datafield><datafield ind1=" " ind2=" " tag="852"><subfield code="a">5304</subfield></datafield></record></collection>